%%   Saharon Shelah's bibliography
%% (public version of listb.bib)
% generated on:  18 Jan 2016,  16:27 GMT


% Disclaimer:   This bibliography has its
% own idiosyncrasies.   For example, all titles
% are enclosed in double braces, thus ensuring that capitalization
% is maintained.    Also: even unpublished papers will be
% called "article".


@Preamble{"\def\germ{\frak} \def\scr{\cal}
 \ifx\documentclass\undefinedcs
      \def\bf{\fam\bffam\tenbf}\def\rm{\fam0\tenrm}\fi
                          % f**k-amstex!
 \def\defaultdefine#1#2{\expandafter\ifx\csname#1\endcsname\relax
 \expandafter\def\csname#1\endcsname{#2}\fi}
 \defaultdefine{Bbb}{\bf}   \defaultdefine{frak}{\bf}
  \defaultdefine{=}{\B}   % doublef**k-amstex!!
  \defaultdefine{mathfrak}{\frak}
       \defaultdefine{mathbb}{\bf}
       \defaultdefine{mathcal}{\cal}
      \defaultdefine{beth}{BETH}\defaultdefine{cal}{\bf}
     \def\bbfI{{\Bbb I}}   \def\mbox{\hbox}  \def\text{\hbox}
   \def\om{\omega}    \def\Cal#1{{\bf #1}} \def\pcf{pcf}
        \defaultdefine{cf}{cf}
    \defaultdefine{reals}{{\Bbb R}} \defaultdefine{real}{{\Bbb R}}
   \def\restriction{{|}}  \def\club{CLUB}
   \def\w{\omega} \def\exist{\exists}
   \def\se{{\germ se}}     \def\bb{{\bf b}}
   \def\equivalence{\equiv}
   \let\lt<  \let\gt>
           "}

@article{cancer_treatment,
author={Amy J. Liu and Hong Zhou and Wei Kang},
title={A Numerical Study on Microwave Coagulation Therapy},
journal = {Applied Mathematical Sciences, Vol. 7, 2013, no. 104, 5151 - 5164},
},


@article{electronics,
author={Arden L. Moore and Li Shi},
title={Emerging challenges and materials for thermal management of electronics},
journal = {Materials Today, May 2014},
},

@article{steklo,
author={G., Thomes and R., Pinnau and M., Seaid and T., Gotz and A. Klar},
title={Numerical methods and optimal control for glass cooling processes},
journal = {Trans. Theory Stat Phys. 31(4-6) (2002) 513–529},
},
@article{kuleshov,
author={О.Ю., Кулешов and В.М., Седелкин},
title={Коррекционный зональный метод расчета радиационного и сложного теплообмена в энергетических установках},
journal = {Тепломассообмен ММФ-XIV: Тр. 14-го Минского Междунар. форума. – Минск, 2012. – Т.2. – С. 40-44.},
},

@article{natural_gas,
author={Науменко, A.B. and Дейнеженко, В.И. and Гофман, M.C.},
title={Энергосбережение и разработка высокоэффективного газоиспользующего оборудования},
journal = {«Газовая промышленность», №1, 2005, С. 55-58.},
},

@article{energosberejenie,
author={Данилов О. Л},
title={Энергосбережение в теплоэнергетике и теплотехнологиях},
journal = {Э. -М.: МЭИ, 2004. 64 с. },
},

@article{kovt_1,
author={Andrey E., Kovtanyuk and Alexander Yu., Chebotarev and Nikolai D., Botkin and Karl-Heinz, Hoffmann},
title={The unique solvability of a complex 3D heat transfer problem},
journal = {Journal of Mathematical Analysis and Applications 409:808-815, January 2014},
},


@article{cheb_origin_8,
author={D. Clever and J. Lang},
title={Optimal control of radiative heat transfer in glass cooling with restrictions on the temperature gradient},
journal = {Optimal Control Appl. and Meth. 33(2) (2012) 157–175},
},

@article{cheb_origin_1,
author={M.F., Modest},
title={Radiative Heat Transfer},
journal = {Academic Press, 2003},
},

@article{cheb_origin,
author={Andrey E., Kovtanyuk and Alexander Yu., Chebotarev and Nikolai D., Botkin and Karl-Heinz, Hoffmann},
title={Theoretical analysis of an optimal control problem of conductive–convective–radiative heat transfer},
journal = {J. Math. Anal. Appl. 412 (2014) 520–528},
},

@article{OControl,
author={A.E., Kovtanyuk and A.Yu., Chebotarev},
title={Boundary design of reflection properties of a steady-state complex heat transfer model},
journal={Article in Key Engineering Materials 685:90-93 · February 2016},
},

@article{OControl_1,
author={R., Pinnau},
title={Analysis of optimal boundary control for radiative heat transfer modeled by the $SP_1$-system},
journal={Comm. Math. Sci., 5(4) (2007) 951–969.},
},

@article{OControl_2,
author={M., Frank and A., Klar and R., Pinnau.},
title={Optimal control of glass cooling using simplified PN theory },
journal={Trans. Theory Stat. Phys., 39(2-4) (2010) 282–311.},
},
@article{theorem_proof_18,
author={A.D. Ioffe and V.M. Tikhomirov},
title={Theory of Extremal Problems},
journal={NorthHolland, Amsterdam, 1979.}
},

@article{OControl_3,
author={D., Clever and J., Lang},
title={Optimal control of radiative heat transfer in glass cooling with restrictions on the temperature gradient, },
journal={Optimal Control Appl. and Meth., 33(2) (2012) 157–175.},
},

@article{OControl_4,
author={O., Tse and R., Pinna},
title={ Optimal control of a simplified natural convectionradiation model},
journal={ Comm. Math. Sci., 11(3) (2013) 679–707.},
},

@article{lemma_proof,
author={A.E., Kovtanyuk and A.Yu., Chebotarev and N.D., Botkin and Karl-Heinz, Hoffman},
title={Unique solvability of a steady-state complex heat transfer model,},
journal={Commun. Nonlinear Sci. Numer. Simulat. 20 (2015) 776–784.},
},

@article{theorem_proof,
author={ A.E., Kovtanyuk and A.Yu., Chebotarev},
title={ Steady-state problem of complex heat transfer},
journal={ Comput. Math. and Math. Phys. 54 (4) (2014) 719–726.},
},

@article{theorem_2_proof,
author={A. E., Kovtanyuk and A. Yu., Chebotarev and N.D, Botkin and Karl-Heinz, Hoffman},
title={Theoretical analysis of an optimal control problem of conductive-convective-radiative heat transfer},
journal={J. of Math. Analysis and Applications 412 (2014) 520–528.},
},

@article{grenkin_1,
author={Алексеев Г.В.},
title={Численные методы математической физики. Введение в метод конечных элементов },
journal={Владивосток: Дальнаука, 1999.},
},


@article{grenkin_2,
author={Алексеев Г.В.},
title={Введение в численные методы решения дифференциальных уравнений. },
journal={Уч. пос. Владивосток: Дальрыбвтуз (ТУ), 2002.},
},


@article{grenkin_3,
author={Алексеев Г.В.},
title={Классические модели и методы математической физики. Учебное пособие.},
journal={ Владивосток: Дальнаука, 2011.},
},


@article{grenkin_4,
author={Астраханцева А.А. and Ковтанюк А.Е.},
title={Компьютерное моделирование сложного теплообмена в пакете FreeFem++ // Third International Conference «High Performance Computing» HPC-U},
journal={2013 (Ukraine, Kyiv, October 7–11, 2013). С. 20–22.},
},


@article{covt_last,
title = "Nondegeneracy of optimality conditions in control problems for a radiative-conductive heat transfer model",
abstract = "A boundary control problem for a nonlinear steady-state heat transfer model accounting for heat radiation effects is considered. The problem consists in the minimization of a cost functional by controlling the reflection properties of the boundary. The solvability of the control problem is proven, an optimality system is derived, and the nondegeneracy of optimality conditions is established. The results of numerical simulations are presented.",
keywords = "Diffusion approximation, Necessary optimality conditions, Optimal control, Radiative-conductive heat transfer",
author = "Chebotarev, {Alexander Yu.} and Kovtanyuk, {Andrey E.} and Grenkin, {Gleb V.} and Botkin, {Nikolai D.} and Hoffmann, {Karl Heinz}",
year = "2016",
month = "10",
doi = "10.1016/j.amc.2016.05.036",
volume = "289",
pages = "371--380",
journal = "Applied Mathematics and Computation",
issn = "0096-3003",
publisher = "Elsevier Inc.",
}


@article{grenkin_13,
author={A., Chebotarev and A., Kovtanyuk and G., Grenkin and N., Botkin and K.-H., Hoffman},
title={Boundary optimal control problem of complex heat transfer model},
journal={ J. Math. Anal. Appl., 433:2 (2016), 1243–1260}
},

@article{grenkin_14,
author={ A. Munch nad F. Periago},
title={Numerical approximation of bang-bang controls for the heat equation: An optimal design approach},
journal={ Systems Control Lett., 62:8 (2013), 643–65}
},

@article{grenkin_15,
author={ K. Glashoff and E. Sachs},
title={On theoretical and numerical aspects of the bang-bang-principle},
journal={ Numer. Math., 29:1 (1977), 93–113}
},

@article{grenkin_16,
author={ K. Deckelnick and M. Hinze},
title={A note on the approximation of elliptic control problems with bang-bang controls},
journal={ Comput. Optim. Appl., 51:2 (2012), 931–939}
},

@article{grenkin_17,
author={ C.Y. Kaya and S.K. Lucas and S.T. Simakov},
title={Computations for bang-bang constrained optimal control using a mathematical programming formulation},
journal={ Optimal Control Appl. Methods, 25:6 (2004), 295–308}
},

@article{grenkin_18,
author={ T. Taleshian and A. Ranjbar Noei and R. Ghaderi},
title={IPSO-SQP algorithm for solving time optimal bang-bang control problems and its application on autonomous underwater vehicle},
journal={ Journal of Advances in Computer Research, 5:2 (2014), 69–88}
},

@article{grenkin_19,
author={ H. Maurer and H.D. Mittelmann},
title={Optimization techniques for solving elliptic control problems with control and state constraints: Part 1. Boundary control},
journal={ Comput. Optim. Appl., 16:1 (2000), 29–55}
},

@article{grenkin_20,
author={ H. Maurer and H.D. Mittelmann},
title={Optimization techniques for solving elliptic control problems with control and state constraints: Part 2. Distributed control},
journal={ Comput. Optim. Appl., 18:2 (2001), 141–160}
},

@article{grenkin_21,
author={ A. Borz and K. Kunisch},
title={A multigrid scheme for elliptic constrained optimal control problems},
journal={ Comput. Optim. Appl., 31:3 (2005), 309–333}
},

@article{grenkin_22,
author={ M.J., Zandvliet and O.H. Bosgra and J.D. Jansen and P.M.J. Van den Hof and J.F.B.M. Kraaijevanger},
title={Bang-bang control and singular arcs in reservoir flooding},
journal={ J. Pet. Sci. Eng., 58:1–2 (2007), 186–200}
},
